@article{Tahara_Diamond_Abadi_2014,
	title={Sinew: a SQL system for multi-structured data},
	DOI={10.1145/2588555.2612183},
	journal={Proceedings of the 2014 ACM SIGMOD International Conference on Management of Data},
	author={Tahara, Daniel and Diamond, Thaddeus and Abadi, Daniel J.},
	year={2014},
	month={Jun},
	pages={815-826}
}
$ Is this used?
% misc{Marketwired_2013,
% 	title={First ever mongodb world announced for 2014},
% 	url={https://finance.yahoo.com/news/first-ever-mongodb-world-announced-140000834.html},
% 	journal={Yahoo! Finance},
% 	publisher={Yahoo!},
% 	author={Marketwired},
% 	year={2013},
% 	month={Sep},
%     note={Available at \url{https://www.geeksforgeeks.org/mongodb-architecture/}}
% }
% Is this used?
% misc{Asay_2022,
% 	title={What mongodb teaches US about database trends},
% 	url={https://www.techrepublic.com/article/mongodb-database-trends/},
% 	journal={TechRepublic},
% 	author={Asay,
% 	Matt},
% 	year={2022},
% 	month={Jun}
% } 
% Is this used?
% misc{PostgresSQL_2024,
% 	title={Release notes},
% 	url={https://www.postgresql.org/docs/release/17.0/},
% 	journal={PostgreSQL},
% 	author={PostgresSQL},
% 	year={2024},
% 	month={Sep}
% } 
@article{Chasseur_Li_Patel_2013,
	title={Enabling JSON Document Stores in Relational Systems},
	url={https://pages.cs.wisc.edu/~chasseur/pubs/argo-long.pdf},
	journal={Proc. of WebDB},
	author={Chasseur, Craig and Li, Yinan and Patel, Jignesh M.},
	year={2013}
} 
@misc{Geeks4geeksMongo,
	title = {MongoDB Architecture},
	author = {{GeeksForGeeks}},
	year = {2024},
	url = {https://www.geeksforgeeks.org/mongodb-architecture/},
    note={Available at \url{https://www.geeksforgeeks.org/mongodb-architecture/}}
}
@misc{PostgresMedium,
	title = {PostgreSQL Architecture},
	author = {{Bitnine Global}},
	year = {2024},
	url = {https://medium.com/agedb/postgresql-architecture-59d6242d91d8},
    note={Available at \url{https://medium.com/agedb/postgresql-architecture-59d6242d91d8}}
}
% Is this used?
% misc{Postgres-docs,
% 	title={1.2. Architectural Fundamentals},
% 	url={https://www.postgresql.org/docs/current/tutorial-arch.html},
% 	journal={PostgreSQL},
% 	author={PostgresSQL}
% }
@misc{Postgres-scalable,
	url = {https://www.pgedge.com/blog/scaling-postgresql-navigating-horizontal-and-vertical-scalability-pathways},
	title = {Postgres Scalability: Navigating Horizontal and Vertical Scalability Pathways},
	author ={Ibrar Ahmed},
	date ={June 11,
	2024},
    note={Available at \url{https://www.pgedge.com/blog/scaling-postgresql-navigating-horizontal-and-vertical-scalability-pathways}}
}
@misc{Mongo-Medium,
	title ={MongoDB internal Architecure},
	url = {https://medium.com/@hnasr/mongodb-internal-architecture-9a32f1403d6f},
	author = {Hussein Nasser},
	date = {Dec 11, 2022},
    note={Available at \url{https://medium.com/@hnasr/mongodb-internal-architecture-9a32f1403d6f}}
}
@misc{Mongo-scalability,
	url ={https://www.geeksforgeeks.org/scaling-in-mongodb/},
	title = {Scaling in MongoDB},
	author = {{GeeksForGeeks}},
	year = {2024},
    note={Available at \url{https://www.geeksforgeeks.org/scaling-in-mongodb/}}
}
@misc{NoSQLBench,
	title={Nosqlbench project},
	url={https://docs.nosqlbench.io/},
	journal={NoSQLBench Project},
	author={{NoSQLBench Project}},
	year={2023},
    note={Available at \url{https://docs.nosqlbench.io/}}
} 
@misc{PostgtesVersions, 
	url={https://www.postgresql.org/about/featurematrix/}, 
	title={PostgresSQL: Feature Matrix}, 
	author={{The PostgreSQL Global Development Group}},
    note={Available at \url{https://www.postgresql.org/about/featurematrix/}}
}
@book{Done2023,
  author = {Paul Done},
  title = {Practical MongoDB Aggregations: The official guide to developing optimal aggregation pipelines with MongoDB 7.0},
  year = {2023},
  publisher = {Packt Publishing},
  isbn = {978-1835080641},
  url = {https://www.practical-mongodb-aggregations.com/},
  note={Available at \url{https://www.practical-mongodb-aggregations.com/}}
}
